<?xml version="1.0" encoding="UTF-8"?><collection xmlns="http://www.loc.gov/MARC21/slim"><record><leader>00487nam--2200145-i-4500</leader><controlfield tag="001">000019541</controlfield><controlfield tag="002">20161230</controlfield><controlfield tag="005">20161230201033</controlfield><controlfield tag="008">060222s1000------------r-----000-0-eng-d</controlfield><datafield ind1=" " ind2=" " tag="080"><subfield code="a">514(061.3)</subfield></datafield><datafield ind1=" " ind2=" " tag="245"><subfield code="a">Energy, structure, and reactivity. proceedings of the 1972 boulder summer research conference on theoretical chemistry</subfield></datafield><datafield ind1=" " ind2=" " tag="260"><subfield code="a">New York,John Wiley &amp; Sons, 1973.Xix + 399 P</subfield></datafield><datafield ind1=" " ind2=" " tag="490"><subfield code="a">A Wiley-interscience Publ</subfield></datafield><datafield ind1=" " ind2=" " tag="700"><subfield code="a">Smith, Darwin. W., Mcrae,Walter. B</subfield></datafield><datafield ind1=" " ind2=" " tag="852"><subfield code="a">41911</subfield></datafield></record></collection>